@online{hpc-cw1-code,
  author = {UoB-HPC},
  title = {COMS30005 - Introduction to High Performance Computing - Jacobi solver},
  url = {https://github.com/UoB-HPC/intro-hpc-jacobi/tree/8cf4c5},
  urldate = {2017-10-17}
}

@online{gcc-docs-optimisations,
  author = {GNU Foundation},
  title = {3.10 Options That Control Optimization},
  url = {https://gcc.gnu.org/onlinedocs/gcc-4.4.7/gcc/Optimize-Options.html},
  urldate = {2017-10-17}
}
